<record xmlns="http://www.loc.gov/MARC21/slim" xmlns:xsi="http://www.w3.org/2001/XMLSchema-instance" xsi:schemaLocation="http://www.loc.gov/MARC21/slim http://www.loc.gov/standards/marcxml/schema/MARC21slim.xsd"><leader>00528cz   2200157n  4500</leader><controlfield tag="001">oca01198495 </controlfield><controlfield tag="005">20000505200106.0</controlfield><controlfield tag="008">840921n| acannaab           |a aaa      </controlfield><datafield ind1=" " ind2=" " tag="010"><subfield code="a">n  84238685 </subfield></datafield><datafield ind1=" " ind2=" " tag="040"><subfield code="a">DLC</subfield><subfield code="c">DLC</subfield><subfield code="d">DLC-R</subfield></datafield><datafield ind1="0" ind2=" " tag="100"><subfield code="a">Apicius</subfield></datafield><datafield ind1="0" ind2=" " tag="400"><subfield code="a">Apicio</subfield></datafield><datafield ind1=" " ind2=" " tag="670"><subfield code="a">His The Roman cookery of Apicius, 1984:</subfield><subfield code="b">CIP t.p. (Apicius)</subfield></datafield><datafield ind1=" " ind2=" " tag="670"><subfield code="a">His Kodai Rōma no ryōrisho, 1989?:</subfield><subfield code="b">t.p. (Apikiusu) 2nd prelim. p. (Apicius)</subfield></datafield><datafield ind1=" " ind2=" " tag="670"><subfield code="a">LC data base, 9-11-84</subfield><subfield code="b">(hdg.: Apicius)</subfield></datafield><datafield ind1=" " ind2=" " tag="670"><subfield code="a">Solci, G. DeGustibus, 1998:</subfield><subfield code="b">t.p. (Apicio)</subfield></datafield></record>